[{"a":173264206,"p":"57475.10","q":"0.017","f":288456246,"l":288456246,"T":1723827137604,"m":false},{"a":173264207,"p":"57515.20","q":"0.005","f":288456247,"l":288456247,"T":1723827137608,"m":false},{"a":173264208,"p":"57541.50","q":"0.007","f":288456248,"l":288456248,"T":1723827137608,"m":false},{"a":173264209,"p":"57588.80","q":"1.939","f":288456249,"l":288456249,"T":1723827137609,"m":false},{"a":173264210,"p":"57519.80","q":"0.007","f":288456250,"l":288456250,"T":1723827138439,"m":false},{"a":173264211,"p":"57555.20","q":"0.003","f":288456251,"l":288456251,"T":1723827138440,"m":false},{"a":173264212,"p":"57588.80","q":"1.603","f":288456252,"l":288456252,"T":1723827138440,"m":false},{"a":173264213,"p":"57413.70","q":"0.011","f":288456253,"l":288456253,"T":1723827142139,"m":true},{"a":173264214,"p":"57369.90","q":"0.007","f":288456254,"l":288456254,"T":1723827142139,"m":true},{"a":173264215,"p":"57343.20","q":"0.022","f":288456255,"l":288456255,"T":1723827142140,"m":true},{"a":173264216,"p":"57334.40","q":"0.003","f":288456256,"l":288456256,"T":1723827142140,"m":true},{"a":173264217,"p":"57297.60","q":"0.003","f":288456257,"l":288456257,"T":1723827142147,"m":true},{"a":173264218,"p":"57260.80","q":"0.003","f":288456258,"l":288456258,"T":1723827142147,"m":true},{"a":173264219,"p":"57241.00","q":"0.011","f":288456259,"l":288456259,"T":1723827142147,"m":true},{"a":173264220,"p":"57198.30","q":"0.007","f":288456260,"l":288456260,"T":1723827142147,"m":true},{"a":173264221,"p":"57171.20","q":"0.034","f":288456261,"l":288456262,"T":1723827142148,"m":true},{"a":173264222,"p":"57300.80","q":"1.502","f":288456263,"l":288456263,"T":1723827149415,"m":true},{"a":173264223,"p":"57343.20","q":"0.007","f":288456264,"l":288456264,"T":1723827159095,"m":false},{"a":173264224,"p":"57224.00","q":"0.003","f":288456265,"l":288456265,"T":1723827159231,"m":true},{"a":173264225,"p":"57200.00","q":"0.215","f":288456266,"l":288456266,"T":1723827159231,"m":true},{"a":173264226,"p":"57200.00","q":"0.003","f":288456267,"l":288456267,"T":1723827176035,"m":true},{"a":173264227,"p":"57308.80","q":"0.005","f":288456268,"l":288456268,"T":1723827182175,"m":false},{"a":173264228,"p":"57343.20","q":"0.015","f":288456269,"l":288456269,"T":1723827182175,"m":false},{"a":173264229,"p":"57369.90","q":"0.007","f":288456270,"l":288456270,"T":1723827182175,"m":false},{"a":173264230,"p":"57371.20","q":"0.003","f":288456271,"l":288456271,"T":1723827182179,"m":false},{"a":173264231,"p":"57390.60","q":"0.005","f":288456272,"l":288456272,"T":1723827182179,"m":false},{"a":173264232,"p":"57408.00","q":"0.003","f":288456273,"l":288456273,"T":1723827182179,"m":false},{"a":173264233,"p":"57413.80","q":"0.011","f":288456274,"l":288456274,"T":1723827182179,"m":false},{"a":173264234,"p":"57444.80","q":"0.003","f":288456275,"l":288456275,"T":1723827182180,"m":false},{"a":173264235,"p":"57472.40","q":"0.005","f":288456276,"l":288456276,"T":1723827182181,"m":false},{"a":173264236,"p":"57515.20","q":"0.022","f":288456277,"l":288456277,"T":1723827182181,"m":false},{"a":173264237,"p":"57541.50","q":"0.007","f":288456278,"l":288456278,"T":1723827182181,"m":false},{"a":173264238,"p":"57554.20","q":"0.005","f":288456279,"l":288456279,"T":1723827182181,"m":false},{"a":173264239,"p":"57586.00","q":"0.127","f":288456280,"l":288456280,"T":1723827182181,"m":false},{"a":173264240,"p":"57519.80","q":"0.003","f":288456281,"l":288456282,"T":1723827186256,"m":false},{"a":173264241,"p":"57586.00","q":"0.002","f":288456283,"l":288456283,"T":1723827186256,"m":false},{"a":173264242,"p":"57369.90","q":"0.007","f":288456284,"l":288456284,"T":1723827191811,"m":true},{"a":173264243,"p":"57343.20","q":"0.022","f":288456285,"l":288456285,"T":1723827191811,"m":true},{"a":173264244,"p":"57241.00","q":"0.011","f":288456286,"l":288456286,"T":1723827191812,"m":true},{"a":173264245,"p":"57224.00","q":"0.003","f":288456287,"l":288456287,"T":1723827191812,"m":true},{"a":173264246,"p":"57217.10","q":"0.007","f":288456288,"l":288456288,"T":1723827191812,"m":true},{"a":173264247,"p":"57200.00","q":"0.128","f":288456289,"l":288456289,"T":1723827191813,"m":true},{"a":173264248,"p":"57200.00","q":"0.007","f":288456290,"l":288456290,"T":1723827196605,"m":true},{"a":173264249,"p":"57413.80","q":"0.011","f":288456291,"l":288456291,"T":1723827197755,"m":false},{"a":173264250,"p":"57444.80","q":"0.003","f":288456292,"l":288456292,"T":1723827197755,"m":false},{"a":173264251,"p":"57481.60","q":"0.003","f":288456293,"l":288456293,"T":1723827197755,"m":false},{"a":173264252,"p":"57515.20","q":"0.022","f":288456294,"l":288456294,"T":1723827197755,"m":false},{"a":173264253,"p":"57518.40","q":"0.003","f":288456295,"l":288456295,"T":1723827197756,"m":false},{"a":173264254,"p":"57541.50","q":"0.007","f":288456296,"l":288456296,"T":1723827197756,"m":false},{"a":173264255,"p":"57586.00","q":"0.308","f":288456297,"l":288456297,"T":1723827197756,"m":false},{"a":173264256,"p":"57586.50","q":"0.011","f":288456298,"l":288456298,"T":1723827197756,"m":false},{"a":173264257,"p":"57587.30","q":"1.134","f":288456299,"l":288456299,"T":1723827197756,"m":false},{"a":173264258,"p":"57413.70","q":"0.011","f":288456300,"l":288456300,"T":1723827202526,"m":true},{"a":173264259,"p":"57369.90","q":"0.007","f":288456301,"l":288456301,"T":1723827202527,"m":true},{"a":173264260,"p":"57343.20","q":"0.022","f":288456302,"l":288456302,"T":1723827202527,"m":true},{"a":173264261,"p":"57334.40","q":"0.003","f":288456303,"l":288456303,"T":1723827202527,"m":true},{"a":173264262,"p":"57297.60","q":"0.003","f":288456304,"l":288456304,"T":1723827202527,"m":true},{"a":173264263,"p":"57260.80","q":"0.003","f":288456305,"l":288456305,"T":1723827202527,"m":true},{"a":173264264,"p":"57241.00","q":"0.011","f":288456306,"l":288456306,"T":1723827202527,"m":true},{"a":173264265,"p":"57200.00","q":"4.128","f":288456307,"l":288456308,"T":1723827202527,"m":true},{"a":173264266,"p":"57198.30","q":"0.007","f":288456309,"l":288456309,"T":1723827202527,"m":true},{"a":173264267,"p":"57171.20","q":"0.032","f":288456310,"l":288456311,"T":1723827202528,"m":true},{"a":173264268,"p":"57160.00","q":"0.146","f":288456312,"l":288456312,"T":1723827202528,"m":true},{"a":173264269,"p":"57150.00","q":"0.627","f":288456313,"l":288456313,"T":1723827202528,"m":true},{"a":173264270,"p":"57299.30","q":"0.174","f":288456314,"l":288456314,"T":1723827205126,"m":true},{"a":173264271,"p":"57308.80","q":"0.005","f":288456315,"l":288456315,"T":1723827222831,"m":true},{"a":173264272,"p":"57227.00","q":"0.005","f":288456316,"l":288456316,"T":1723827222831,"m":true},{"a":173264273,"p":"57224.00","q":"0.003","f":288456317,"l":288456317,"T":1723827222832,"m":true},{"a":173264274,"p":"57187.20","q":"0.003","f":288456318,"l":288456318,"T":1723827222832,"m":true},{"a":173264275,"p":"57160.00","q":"0.148","f":288456319,"l":288456319,"T":1723827222832,"m":true},{"a":173264276,"p":"57150.40","q":"0.003","f":288456320,"l":288456320,"T":1723827222832,"m":true},{"a":173264277,"p":"57150.00","q":"1.280","f":288456321,"l":288456321,"T":1723827222832,"m":true},{"a":173264278,"p":"57343.20","q":"0.003","f":288456322,"l":288456322,"T":1723827229830,"m":false},{"a":173264279,"p":"57308.80","q":"0.003","f":288456323,"l":288456323,"T":1723827249849,"m":false},{"a":173264280,"p":"57308.80","q":"0.002","f":288456324,"l":288456324,"T":1723827260003,"m":false},{"a":173264281,"p":"57334.40","q":"0.003","f":288456325,"l":288456325,"T":1723827260003,"m":false},{"a":173264282,"p":"57343.20","q":"0.041","f":288456326,"l":288456327,"T":1723827260003,"m":false},{"a":173264283,"p":"57369.90","q":"0.007","f":288456328,"l":288456328,"T":1723827260012,"m":false},{"a":173264284,"p":"57371.20","q":"0.003","f":288456329,"l":288456329,"T":1723827260012,"m":false},{"a":173264285,"p":"57390.60","q":"0.005","f":288456330,"l":288456330,"T":1723827260012,"m":false},{"a":173264286,"p":"57408.00","q":"0.003","f":288456331,"l":288456331,"T":1723827260012,"m":false},{"a":173264287,"p":"57413.80","q":"0.011","f":288456332,"l":288456332,"T":1723827260012,"m":false},{"a":173264288,"p":"57515.20","q":"0.022","f":288456333,"l":288456333,"T":1723827260012,"m":false},{"a":173264289,"p":"57519.80","q":"0.007","f":288456334,"l":288456334,"T":1723827260013,"m":false},{"a":173264290,"p":"57541.50","q":"0.007","f":288456335,"l":288456335,"T":1723827260013,"m":false},{"a":173264291,"p":"57550.00","q":"0.463","f":288456336,"l":288456336,"T":1723827260013,"m":false},{"a":173264292,"p":"57584.00","q":"0.148","f":288456337,"l":288456337,"T":1723827260013,"m":false},{"a":173264293,"p":"57585.70","q":"0.016","f":288456338,"l":288456338,"T":1723827260013,"m":false},{"a":173264294,"p":"57586.50","q":"0.011","f":288456339,"l":288456339,"T":1723827280742,"m":false},{"a":173264295,"p":"57592.00","q":"0.003","f":288456340,"l":288456340,"T":1723827280742,"m":false},{"a":173264296,"p":"57600.00","q":"0.062","f":288456341,"l":288456341,"T":1723827280743,"m":false},{"a":173264297,"p":"57628.80","q":"0.003","f":288456342,"l":288456342,"T":1723827280743,"m":false},{"a":173264298,"p":"57665.60","q":"0.003","f":288456343,"l":288456343,"T":1723827280744,"m":false},{"a":173264299,"p":"57687.30","q":"0.010","f":288456344,"l":288456344,"T":1723827280755,"m":false},{"a":173264300,"p":"57584.00","q":"0.002","f":288456345,"l":288456345,"T":1723827283959,"m":false},{"a":173264301,"p":"57584.00","q":"0.145","f":288456346,"l":288456346,"T":1723827304861,"m":false},{"a":173264302,"p":"57592.00","q":"0.003","f":288456347,"l":288456347,"T":1723827304867,"m":false},{"a":173264303,"p":"57600.00","q":"0.719","f":288456348,"l":288456348,"T":1723827304867,"m":false},{"a":173264304,"p":"57554.20","q":"0.002","f":288456349,"l":288456349,"T":1723827309175,"m":true},{"a":173264305,"p":"57585.70","q":"0.034","f":288456350,"l":288456350,"T":1723827318090,"m":false},{"a":173264306,"p":"57585.70","q":"0.747","f":288456351,"l":288456351,"T":1723827329511,"m":false},{"a":173264307,"p":"57599.90","q":"1.000","f":288456352,"l":288456352,"T":1723827329511,"m":false},{"a":173264308,"p":"57600.00","q":"3.253","f":288456353,"l":288456353,"T":1723827329511,"m":false},{"a":173264309,"p":"57600.00","q":"0.005","f":288456354,"l":288456354,"T":1723827334536,"m":false},{"a":173264310,"p":"57600.00","q":"0.330","f":288456355,"l":288456355,"T":1723827340128,"m":false},{"a":173264311,"p":"57628.80","q":"0.003","f":288456356,"l":288456356,"T":1723827340128,"m":false},{"a":173264312,"p":"57665.60","q":"0.003","f":288456357,"l":288456357,"T":1723827340128,"m":false},{"a":173264313,"p":"57687.30","q":"0.012","f":288456358,"l":288456358,"T":1723827340128,"m":false},{"a":173264314,"p":"57702.40","q":"0.003","f":288456359,"l":288456359,"T":1723827340128,"m":false},{"a":173264315,"p":"57759.30","q":"0.011","f":288456360,"l":288456360,"T":1723827340128,"m":false},{"a":173264316,"p":"57790.60","q":"0.462","f":288456361,"l":288456361,"T":1723827340128,"m":false},{"a":173264317,"p":"57792.50","q":"1.000","f":288456362,"l":288456362,"T":1723827340128,"m":false},{"a":173264318,"p":"57792.60","q":"0.176","f":288456363,"l":288456363,"T":1723827340129,"m":false},{"a":173264319,"p":"57636.00","q":"0.005","f":288456364,"l":288456364,"T":1723827347818,"m":true},{"a":173264320,"p":"57586.50","q":"0.008","f":288456365,"l":288456365,"T":1723827347818,"m":true},{"a":173264321,"p":"57792.60","q":"0.086","f":288456366,"l":288456366,"T":1723827349155,"m":false},{"a":173264322,"p":"57586.50","q":"0.002","f":288456367,"l":288456367,"T":1723827363587,"m":true},{"a":173264323,"p":"57700.00","q":"0.173","f":288456368,"l":288456368,"T":1723827412403,"m":false},{"a":173264324,"p":"57717.80","q":"0.005","f":288456369,"l":288456369,"T":1723827412403,"m":false},{"a":173264325,"p":"57739.20","q":"0.003","f":288456370,"l":288456370,"T":1723827412404,"m":false},{"a":173264326,"p":"57776.00","q":"0.003","f":288456371,"l":288456371,"T":1723827412404,"m":false},{"a":173264327,"p":"57786.40","q":"0.682","f":288456372,"l":288456372,"T":1723827412404,"m":false},{"a":173264328,"p":"57786.40","q":"0.173","f":288456373,"l":288456373,"T":1723827414081,"m":false},{"a":173264329,"p":"57636.00","q":"0.005","f":288456374,"l":288456374,"T":1723827430192,"m":true},{"a":173264330,"p":"57628.80","q":"0.003","f":288456375,"l":288456375,"T":1723827430193,"m":true},{"a":173264331,"p":"57592.00","q":"0.003","f":288456376,"l":288456376,"T":1723827430193,"m":true},{"a":173264332,"p":"57586.50","q":"0.001","f":288456377,"l":288456377,"T":1723827430193,"m":true},{"a":173264333,"p":"57555.20","q":"0.003","f":288456378,"l":288456378,"T":1723827430193,"m":true},{"a":173264334,"p":"57554.20","q":"0.003","f":288456379,"l":288456379,"T":1723827430193,"m":true},{"a":173264335,"p":"57515.30","q":"0.022","f":288456380,"l":288456380,"T":1723827430193,"m":true},{"a":173264336,"p":"57472.40","q":"0.005","f":288456381,"l":288456381,"T":1723827430193,"m":true},{"a":173264337,"p":"57413.70","q":"0.011","f":288456382,"l":288456382,"T":1723827430193,"m":true},{"a":173264338,"p":"57390.60","q":"0.005","f":288456383,"l":288456383,"T":1723827430193,"m":true},{"a":173264339,"p":"57369.90","q":"0.007","f":288456384,"l":288456384,"T":1723827430193,"m":true},{"a":173264340,"p":"57343.20","q":"0.022","f":288456385,"l":288456385,"T":1723827430193,"m":true},{"a":173264341,"p":"57309.00","q":"0.178","f":288456386,"l":288456386,"T":1723827430194,"m":true},{"a":173264342,"p":"57308.80","q":"0.005","f":288456387,"l":288456387,"T":1723827430194,"m":true},{"a":173264343,"p":"57297.70","q":"0.594","f":288456388,"l":288456388,"T":1723827430194,"m":true},{"a":173264344,"p":"57515.20","q":"0.044","f":288456389,"l":288456390,"T":1723827433591,"m":false},{"a":173264345,"p":"57541.50","q":"0.007","f":288456391,"l":288456391,"T":1723827433591,"m":false},{"a":173264346,"p":"57586.50","q":"0.022","f":288456392,"l":288456393,"T":1723827433591,"m":false},{"a":173264347,"p":"57687.30","q":"0.022","f":288456394,"l":288456394,"T":1723827433592,"m":false},{"a":173264348,"p":"57701.00","q":"0.044","f":288456395,"l":288456395,"T":1723827433592,"m":false},{"a":173264349,"p":"57515.30","q":"0.002","f":288456396,"l":288456396,"T":1723827441531,"m":true},{"a":173264350,"p":"57515.30","q":"0.023","f":288456397,"l":288456398,"T":1723827447383,"m":true},{"a":173264351,"p":"57475.00","q":"0.294","f":288456399,"l":288456399,"T":1723827447384,"m":true},{"a":173264352,"p":"57413.70","q":"0.022","f":288456400,"l":288456401,"T":1723827447384,"m":true},{"a":173264353,"p":"57369.90","q":"0.007","f":288456402,"l":288456402,"T":1723827447384,"m":true},{"a":173264354,"p":"57343.20","q":"0.044","f":288456403,"l":288456404,"T":1723827447384,"m":true},{"a":173264355,"p":"57241.00","q":"0.011","f":288456405,"l":288456405,"T":1723827447384,"m":true},{"a":173264356,"p":"57227.00","q":"0.005","f":288456406,"l":288456406,"T":1723827447385,"m":true},{"a":173264357,"p":"57217.10","q":"0.009","f":288456407,"l":288456408,"T":1723827447385,"m":true},{"a":173264358,"p":"57198.30","q":"0.007","f":288456409,"l":288456409,"T":1723827447385,"m":true},{"a":173264359,"p":"57171.20","q":"0.044","f":288456410,"l":288456411,"T":1723827447385,"m":true},{"a":173264360,"p":"57150.00","q":"1.673","f":288456412,"l":288456412,"T":1723827447395,"m":true},{"a":173264361,"p":"57343.20","q":"0.005","f":288456413,"l":288456413,"T":1723827452079,"m":false},{"a":173264362,"p":"57343.20","q":"0.016","f":288456414,"l":288456414,"T":1723827453614,"m":false},{"a":173264363,"p":"57343.20","q":"0.010","f":288456415,"l":288456416,"T":1723827458971,"m":false},{"a":173264364,"p":"57171.20","q":"0.002","f":288456417,"l":288456417,"T":1723827459792,"m":true},{"a":173264365,"p":"57343.20","q":"0.013","f":288456418,"l":288456418,"T":1723827462983,"m":false},{"a":173264366,"p":"57369.90","q":"0.007","f":288456419,"l":288456419,"T":1723827462983,"m":false},{"a":173264367,"p":"57390.60","q":"0.005","f":288456420,"l":288456420,"T":1723827462984,"m":false},{"a":173264368,"p":"57413.80","q":"0.011","f":288456421,"l":288456421,"T":1723827462984,"m":false},{"a":173264369,"p":"57472.40","q":"0.005","f":288456422,"l":288456422,"T":1723827462984,"m":false},{"a":173264370,"p":"57515.20","q":"0.044","f":288456423,"l":288456424,"T":1723827462984,"m":false},{"a":173264371,"p":"57541.50","q":"0.001","f":288456425,"l":288456425,"T":1723827462984,"m":false},{"a":173264372,"p":"57390.60","q":"0.005","f":288456426,"l":288456426,"T":1723827482901,"m":true},{"a":173264373,"p":"57519.80","q":"0.002","f":288456427,"l":288456427,"T":1723827484859,"m":false},{"a":173264374,"p":"57371.20","q":"0.003","f":288456428,"l":288456428,"T":1723827484981,"m":true},{"a":173264375,"p":"57343.20","q":"0.010","f":288456429,"l":288456429,"T":1723827484981,"m":true},{"a":173264376,"p":"57343.20","q":"0.086","f":288456430,"l":288456432,"T":1723827496395,"m":true},{"a":173264377,"p":"57343.20","q":"0.089","f":288456433,"l":288456433,"T":1723827506371,"m":true},{"a":173264378,"p":"57499.90","q":"0.039","f":288456434,"l":288456434,"T":1723827518879,"m":true},{"a":173264379,"p":"57499.90","q":"0.106","f":288456435,"l":288456435,"T":1723827527919,"m":false},{"a":173264380,"p":"57500.00","q":"0.675","f":288456436,"l":288456436,"T":1723827527920,"m":false},{"a":173264381,"p":"57343.20","q":"0.052","f":288456437,"l":288456437,"T":1723827546465,"m":true},{"a":173264382,"p":"57343.20","q":"0.002","f":288456438,"l":288456438,"T":1723827552719,"m":true},{"a":173264383,"p":"57343.20","q":"0.349","f":288456439,"l":288456439,"T":1723827562371,"m":true},{"a":173264384,"p":"57343.20","q":"2.942","f":288456440,"l":288456441,"T":1723827584329,"m":true},{"a":173264385,"p":"57343.20","q":"0.005","f":288456442,"l":288456442,"T":1723827590149,"m":false},{"a":173264386,"p":"57343.20","q":"0.871","f":288456443,"l":288456443,"T":1723827590259,"m":false},{"a":173264387,"p":"57334.40","q":"0.003","f":288456444,"l":288456444,"T":1723827601610,"m":true},{"a":173264388,"p":"57308.80","q":"0.005","f":288456445,"l":288456445,"T":1723827601610,"m":true},{"a":173264389,"p":"57297.60","q":"0.003","f":288456446,"l":288456446,"T":1723827601610,"m":true},{"a":173264390,"p":"57260.80","q":"0.003","f":288456447,"l":288456447,"T":1723827601611,"m":true},{"a":173264391,"p":"57241.00","q":"0.011","f":288456448,"l":288456448,"T":1723827601611,"m":true},{"a":173264392,"p":"57227.00","q":"0.005","f":288456449,"l":288456449,"T":1723827601611,"m":true},{"a":173264393,"p":"57217.10","q":"0.002","f":288456450,"l":288456450,"T":1723827601612,"m":true},{"a":173264394,"p":"57198.30","q":"0.007","f":288456451,"l":288456451,"T":1723827601612,"m":true},{"a":173264395,"p":"57171.20","q":"0.039","f":288456452,"l":288456453,"T":1723827601612,"m":true},{"a":173264396,"p":"57343.20","q":"0.491","f":288456454,"l":288456456,"T":1723827611234,"m":false},{"a":173264397,"p":"57369.90","q":"0.007","f":288456457,"l":288456457,"T":1723827611234,"m":false},{"a":173264398,"p":"57408.00","q":"0.003","f":288456458,"l":288456458,"T":1723827611234,"m":false},{"a":173264399,"p":"57413.80","q":"0.011","f":288456459,"l":288456459,"T":1723827611234,"m":false},{"a":173264400,"p":"57444.80","q":"0.003","f":288456460,"l":288456460,"T":1723827611235,"m":false},{"a":173264401,"p":"57472.40","q":"0.005","f":288456461,"l":288456461,"T":1723827611235,"m":false},{"a":173264402,"p":"57481.60","q":"0.003","f":288456462,"l":288456462,"T":1723827611235,"m":false},{"a":173264403,"p":"57500.00","q":"3.295","f":288456463,"l":288456463,"T":1723827611235,"m":false},{"a":173264404,"p":"57267.00","q":"0.083","f":288456464,"l":288456464,"T":1723827615015,"m":true},{"a":173264405,"p":"57398.00","q":"0.048","f":288456465,"l":288456465,"T":1723827616679,"m":false},{"a":173264406,"p":"57398.00","q":"0.016","f":288456466,"l":288456466,"T":1723827618912,"m":false},{"a":173264407,"p":"57398.00","q":"0.187","f":288456467,"l":288456467,"T":1723827619550,"m":false},{"a":173264408,"p":"57408.00","q":"0.003","f":288456468,"l":288456468,"T":1723827619551,"m":false},{"a":173264409,"p":"57444.80","q":"0.003","f":288456469,"l":288456469,"T":1723827619551,"m":false},{"a":173264410,"p":"57481.60","q":"0.003","f":288456470,"l":288456470,"T":1723827619551,"m":false},{"a":173264411,"p":"57500.00","q":"0.235","f":288456471,"l":288456471,"T":1723827619551,"m":false},{"a":173264412,"p":"57267.00","q":"0.068","f":288456472,"l":288456473,"T":1723827632099,"m":true},{"a":173264413,"p":"57241.00","q":"0.011","f":288456474,"l":288456474,"T":1723827632099,"m":true},{"a":173264414,"p":"57198.30","q":"0.007","f":288456475,"l":288456475,"T":1723827632099,"m":true},{"a":173264415,"p":"57171.20","q":"0.025","f":288456476,"l":288456477,"T":1723827632099,"m":true},{"a":173264416,"p":"57150.00","q":"0.400","f":288456478,"l":288456478,"T":1723827632100,"m":true},{"a":173264417,"p":"57118.00","q":"0.002","f":288456479,"l":288456479,"T":1723827632100,"m":true},{"a":173264418,"p":"57068.20","q":"0.011","f":288456480,"l":288456480,"T":1723827632100,"m":true},{"a":173264419,"p":"57068.00","q":"0.002","f":288456481,"l":288456481,"T":1723827632100,"m":true},{"a":173264420,"p":"57063.30","q":"0.081","f":288456482,"l":288456482,"T":1723827632102,"m":true},{"a":173264421,"p":"57026.70","q":"0.007","f":288456483,"l":288456483,"T":1723827632102,"m":true},{"a":173264422,"p":"57018.00","q":"0.002","f":288456484,"l":288456484,"T":1723827632102,"m":true},{"a":173264423,"p":"57011.20","q":"0.048","f":288456485,"l":288456485,"T":1723827632115,"m":true},{"a":173264424,"p":"57198.30","q":"0.007","f":288456486,"l":288456486,"T":1723827637580,"m":false},{"a":173264425,"p":"57241.00","q":"0.022","f":288456487,"l":288456488,"T":1723827637584,"m":false},{"a":173264426,"p":"57296.20","q":"0.844","f":288456489,"l":288456489,"T":1723827637585,"m":false},{"a":173264427,"p":"57068.20","q":"0.007","f":288456490,"l":288456490,"T":1723827638804,"m":true},{"a":173264428,"p":"57296.20","q":"0.290","f":288456491,"l":288456491,"T":1723827645047,"m":false},{"a":173264429,"p":"57343.20","q":"0.044","f":288456492,"l":288456493,"T":1723827645047,"m":false},{"a":173264430,"p":"57369.90","q":"0.007","f":288456494,"l":288456494,"T":1723827645048,"m":false},{"a":173264431,"p":"57390.60","q":"0.005","f":288456495,"l":288456495,"T":1723827645048,"m":false},{"a":173264432,"p":"57408.00","q":"0.003","f":288456496,"l":288456496,"T":1723827645048,"m":false},{"a":173264433,"p":"57412.00","q":"0.149","f":288456497,"l":288456497,"T":1723827645048,"m":false},{"a":173264434,"p":"57413.80","q":"0.022","f":288456498,"l":288456499,"T":1723827645048,"m":false},{"a":173264435,"p":"57444.80","q":"0.003","f":288456500,"l":288456500,"T":1723827645049,"m":false},{"a":173264436,"p":"57481.60","q":"0.003","f":288456501,"l":288456501,"T":1723827645049,"m":false},{"a":173264437,"p":"57500.00","q":"0.474","f":288456502,"l":288456502,"T":1723827645049,"m":false},{"a":173264438,"p":"57500.00","q":"0.007","f":288456503,"l":288456503,"T":1723827650279,"m":false},{"a":173264439,"p":"57267.00","q":"0.019","f":288456504,"l":288456504,"T":1723827651053,"m":false},{"a":173264440,"p":"57241.00","q":"0.022","f":288456505,"l":288456506,"T":1723827651931,"m":true},{"a":173264441,"p":"57198.30","q":"0.007","f":288456507,"l":288456507,"T":1723827651931,"m":true},{"a":173264442,"p":"57187.00","q":"0.149","f":288456508,"l":288456508,"T":1723827651931,"m":true},{"a":173264443,"p":"57171.20","q":"0.044","f":288456509,"l":288456510,"T":1723827651931,"m":true},{"a":173264444,"p":"57150.40","q":"0.003","f":288456511,"l":288456511,"T":1723827651932,"m":true},{"a":173264445,"p":"57113.60","q":"0.003","f":288456512,"l":288456512,"T":1723827651932,"m":true},{"a":173264446,"p":"57076.80","q":"0.003","f":288456513,"l":288456513,"T":1723827651932,"m":true},{"a":173264447,"p":"57068.20","q":"0.015","f":288456514,"l":288456515,"T":1723827651932,"m":true},{"a":173264448,"p":"57026.70","q":"0.007","f":288456516,"l":288456516,"T":1723827651932,"m":true},{"a":173264449,"p":"57009.70","q":"0.747","f":288456517,"l":288456517,"T":1723827651932,"m":true},{"a":173264450,"p":"57198.30","q":"0.007","f":288456518,"l":288456518,"T":1723827656904,"m":false},{"a":173264451,"p":"57241.00","q":"0.022","f":288456519,"l":288456520,"T":1723827656909,"m":false},{"a":173264452,"p":"57267.00","q":"0.034","f":288456521,"l":288456521,"T":1723827656909,"m":false},{"a":173264453,"p":"57308.80","q":"0.005","f":288456522,"l":288456522,"T":1723827656909,"m":false},{"a":173264454,"p":"57343.20","q":"0.044","f":288456523,"l":288456524,"T":1723827656910,"m":false},{"a":173264455,"p":"57369.90","q":"0.007","f":288456525,"l":288456525,"T":1723827656910,"m":false},{"a":173264456,"p":"57408.00","q":"0.003","f":288456526,"l":288456526,"T":1723827656910,"m":false},{"a":173264457,"p":"57413.80","q":"0.022","f":288456527,"l":288456528,"T":1723827656911,"m":false},{"a":173264458,"p":"57444.80","q":"0.003","f":288456529,"l":288456529,"T":1723827656912,"m":false},{"a":173264459,"p":"57481.60","q":"0.003","f":288456530,"l":288456530,"T":1723827656912,"m":false},{"a":173264460,"p":"57500.00","q":"0.311","f":288456531,"l":288456531,"T":1723827656912,"m":false},{"a":173264461,"p":"57267.00","q":"0.003","f":288456532,"l":288456532,"T":1723827660319,"m":false},{"a":173264462,"p":"57267.00","q":"0.003","f":288456533,"l":288456533,"T":1723827661159,"m":false},{"a":173264463,"p":"57267.00","q":"0.090","f":288456534,"l":288456535,"T":1723827666099,"m":false},{"a":173264464,"p":"57294.70","q":"8.000","f":288456536,"l":288456536,"T":1723827666099,"m":false},{"a":173264465,"p":"57408.00","q":"0.003","f":288456537,"l":288456537,"T":1723827666099,"m":false},{"a":173264466,"p":"57412.00","q":"0.149","f":288456538,"l":288456538,"T":1723827666099,"m":false},{"a":173264467,"p":"57444.80","q":"0.003","f":288456539,"l":288456539,"T":1723827666099,"m":false},{"a":173264468,"p":"57481.60","q":"0.003","f":288456540,"l":288456540,"T":1723827666099,"m":false},{"a":173264469,"p":"57500.00","q":"0.229","f":288456541,"l":288456542,"T":1723827666099,"m":false},{"a":173264470,"p":"57515.20","q":"0.044","f":288456543,"l":288456544,"T":1723827666099,"m":false},{"a":173264471,"p":"57519.80","q":"0.009","f":288456545,"l":288456546,"T":1723827666099,"m":false},{"a":173264472,"p":"57541.50","q":"0.016","f":288456547,"l":288456548,"T":1723827666099,"m":false},{"a":173264473,"p":"57554.20","q":"0.005","f":288456549,"l":288456549,"T":1723827666100,"m":false},{"a":173264474,"p":"57583.80","q":"0.500","f":288456550,"l":288456550,"T":1723827666100,"m":false},{"a":173264475,"p":"57586.50","q":"0.011","f":288456551,"l":288456551,"T":1723827666100,"m":false},{"a":173264476,"p":"57636.00","q":"0.005","f":288456552,"l":288456552,"T":1723827666100,"m":false},{"a":173264477,"p":"57687.30","q":"0.022","f":288456553,"l":288456553,"T":1723827666100,"m":false},{"a":173264478,"p":"57717.80","q":"0.005","f":288456554,"l":288456554,"T":1723827666100,"m":false},{"a":173264479,"p":"57759.30","q":"0.011","f":288456555,"l":288456555,"T":1723827666100,"m":false},{"a":173264480,"p":"57786.50","q":"14.820","f":288456556,"l":288456558,"T":1723827666100,"m":false},{"a":173264481,"p":"57792.60","q":"3.913","f":288456559,"l":288456559,"T":1723827666100,"m":false},{"a":173264482,"p":"57792.70","q":"2.162","f":288456560,"l":288456560,"T":1723827666101,"m":false},{"a":173264483,"p":"57792.70","q":"0.005","f":288456561,"l":288456561,"T":1723827666608,"m":false},{"a":173264484,"p":"57586.50","q":"0.011","f":288456562,"l":288456562,"T":1723827668771,"m":true},{"a":173264485,"p":"57759.30","q":"0.011","f":288456563,"l":288456563,"T":1723827674867,"m":false},{"a":173264486,"p":"57792.70","q":"0.386","f":288456564,"l":288456564,"T":1723827674868,"m":false},{"a":173264487,"p":"57792.70","q":"0.047","f":288456565,"l":288456565,"T":1723827677603,"m":false},{"a":173264488,"p":"57792.70","q":"0.019","f":288456566,"l":288456566,"T":1723827679937,"m":false},{"a":173264489,"p":"57586.50","q":"0.011","f":288456567,"l":288456567,"T":1723827691415,"m":true},{"a":173264490,"p":"57515.30","q":"0.022","f":288456568,"l":288456568,"T":1723827691415,"m":true},{"a":173264491,"p":"57413.70","q":"0.011","f":288456569,"l":288456569,"T":1723827691415,"m":true},{"a":173264492,"p":"57371.20","q":"0.003","f":288456570,"l":288456570,"T":1723827691416,"m":true},{"a":173264493,"p":"57369.90","q":"0.007","f":288456571,"l":288456571,"T":1723827691416,"m":true},{"a":173264494,"p":"57343.20","q":"0.044","f":288456572,"l":288456573,"T":1723827691416,"m":true},{"a":173264495,"p":"57334.40","q":"0.003","f":288456574,"l":288456574,"T":1723827691416,"m":true},{"a":173264496,"p":"57298.60","q":"0.013","f":288456575,"l":288456575,"T":1723827691416,"m":true},{"a":173264497,"p":"57298.60","q":"0.743","f":288456576,"l":288456576,"T":1723827694807,"m":true},{"a":173264498,"p":"57515.20","q":"0.044","f":288456577,"l":288456578,"T":1723827696447,"m":false},{"a":173264499,"p":"57541.50","q":"0.007","f":288456579,"l":288456579,"T":1723827696447,"m":false},{"a":173264500,"p":"57586.50","q":"0.011","f":288456580,"l":288456580,"T":1723827696447,"m":false},{"a":173264501,"p":"57687.30","q":"0.022","f":288456581,"l":288456581,"T":1723827696448,"m":false},{"a":173264502,"p":"57702.40","q":"0.003","f":288456582,"l":288456582,"T":1723827696448,"m":false},{"a":173264503,"p":"57739.20","q":"0.003","f":288456583,"l":288456583,"T":1723827696451,"m":false},{"a":173264504,"p":"57759.30","q":"0.011","f":288456584,"l":288456584,"T":1723827696451,"m":false},{"a":173264505,"p":"57776.00","q":"0.003","f":288456585,"l":288456585,"T":1723827696451,"m":false},{"a":173264506,"p":"57792.70","q":"0.112","f":288456586,"l":288456586,"T":1723827696452,"m":false},{"a":173264507,"p":"57298.60","q":"0.218","f":288456587,"l":288456587,"T":1723827696567,"m":true},{"a":173264508,"p":"57586.50","q":"0.013","f":288456588,"l":288456589,"T":1723827701811,"m":true},{"a":173264509,"p":"57636.00","q":"0.005","f":288456590,"l":288456590,"T":1723827704971,"m":true},{"a":173264510,"p":"57554.20","q":"0.005","f":288456591,"l":288456591,"T":1723827704971,"m":true},{"a":173264511,"p":"57515.30","q":"0.022","f":288456592,"l":288456592,"T":1723827704972,"m":true},{"a":173264512,"p":"57481.60","q":"0.003","f":288456593,"l":288456593,"T":1723827704972,"m":true},{"a":173264513,"p":"57472.40","q":"0.005","f":288456594,"l":288456594,"T":1723827704972,"m":true},{"a":173264514,"p":"57444.80","q":"0.003","f":288456595,"l":288456595,"T":1723827704972,"m":true},{"a":173264515,"p":"57413.70","q":"0.011","f":288456596,"l":288456596,"T":1723827704972,"m":true},{"a":173264516,"p":"57408.00","q":"0.003","f":288456597,"l":288456597,"T":1723827704972,"m":true},{"a":173264517,"p":"57390.60","q":"0.005","f":288456598,"l":288456598,"T":1723827704973,"m":true},{"a":173264518,"p":"57369.90","q":"0.007","f":288456599,"l":288456599,"T":1723827704973,"m":true},{"a":173264519,"p":"57343.20","q":"0.044","f":288456600,"l":288456601,"T":1723827704973,"m":true},{"a":173264520,"p":"57308.80","q":"0.005","f":288456602,"l":288456602,"T":1723827704973,"m":true},{"a":173264521,"p":"57298.60","q":"0.068","f":288456603,"l":288456603,"T":1723827704973,"m":true},{"a":173264522,"p":"57298.60","q":"0.002","f":288456604,"l":288456604,"T":1723827724210,"m":true},{"a":173264523,"p":"57298.60","q":"0.186","f":288456605,"l":288456605,"T":1723827726571,"m":true},{"a":173264524,"p":"57390.60","q":"0.005","f":288456606,"l":288456606,"T":1723827728124,"m":false},{"a":173264525,"p":"57472.40","q":"0.005","f":288456607,"l":288456607,"T":1723827728124,"m":false},{"a":173264526,"p":"57515.20","q":"0.044","f":288456608,"l":288456609,"T":1723827728124,"m":false},{"a":173264527,"p":"57541.50","q":"0.007","f":288456610,"l":288456610,"T":1723827728124,"m":false},{"a":173264528,"p":"57586.50","q":"0.011","f":288456611,"l":288456611,"T":1723827728125,"m":false},{"a":173264529,"p":"57687.30","q":"0.022","f":288456612,"l":288456612,"T":1723827728125,"m":false},{"a":173264530,"p":"57702.40","q":"0.003","f":288456613,"l":288456613,"T":1723827728125,"m":false},{"a":173264531,"p":"57739.20","q":"0.003","f":288456614,"l":288456614,"T":1723827728125,"m":false},{"a":173264532,"p":"57759.30","q":"0.011","f":288456615,"l":288456615,"T":1723827728125,"m":false},{"a":173264533,"p":"57776.00","q":"0.003","f":288456616,"l":288456616,"T":1723827728125,"m":false},{"a":173264534,"p":"57792.70","q":"0.022","f":288456617,"l":288456617,"T":1723827728125,"m":false},{"a":173264535,"p":"57586.50","q":"0.011","f":288456618,"l":288456618,"T":1723827729794,"m":true},{"a":173264536,"p":"57515.30","q":"0.022","f":288456619,"l":288456619,"T":1723827729794,"m":true},{"a":173264537,"p":"57413.70","q":"0.011","f":288456620,"l":288456620,"T":1723827729794,"m":true},{"a":173264538,"p":"57369.90","q":"0.007","f":288456621,"l":288456621,"T":1723827729794,"m":true},{"a":173264539,"p":"57343.20","q":"0.044","f":288456622,"l":288456623,"T":1723827729794,"m":true},{"a":173264540,"p":"57298.60","q":"0.277","f":288456624,"l":288456624,"T":1723827729794,"m":true},{"a":173264541,"p":"57298.60","q":"9.493","f":288456625,"l":288456626,"T":1723827746491,"m":true},{"a":173264542,"p":"57298.50","q":"8.000","f":288456627,"l":288456627,"T":1723827746491,"m":true},{"a":173264543,"p":"57297.60","q":"0.003","f":288456628,"l":288456628,"T":1723827746491,"m":true},{"a":173264544,"p":"57293.00","q":"0.296","f":288456629,"l":288456629,"T":1723827746492,"m":true},{"a":173264545,"p":"57260.80","q":"0.003","f":288456630,"l":288456630,"T":1723827746492,"m":true},{"a":173264546,"p":"57241.00","q":"0.022","f":288456631,"l":288456632,"T":1723827746492,"m":true},{"a":173264547,"p":"57227.00","q":"0.005","f":288456633,"l":288456633,"T":1723827746492,"m":true},{"a":173264548,"p":"57224.00","q":"0.003","f":288456634,"l":288456634,"T":1723827746492,"m":true},{"a":173264549,"p":"57217.10","q":"0.009","f":288456635,"l":288456636,"T":1723827746492,"m":true},{"a":173264550,"p":"57198.30","q":"0.007","f":288456637,"l":288456637,"T":1723827746492,"m":true},{"a":173264551,"p":"57171.20","q":"0.044","f":288456638,"l":288456639,"T":1723827746492,"m":true},{"a":173264552,"p":"57068.20","q":"0.011","f":288456640,"l":288456640,"T":1723827746492,"m":true},{"a":173264553,"p":"57026.70","q":"0.007","f":288456641,"l":288456641,"T":1723827746492,"m":true},{"a":173264554,"p":"57001.00","q":"0.200","f":288456642,"l":288456642,"T":1723827746493,"m":true},{"a":173264555,"p":"57000.00","q":"0.002","f":288456643,"l":288456643,"T":1723827746493,"m":true},{"a":173264556,"p":"56999.20","q":"0.022","f":288456644,"l":288456644,"T":1723827746493,"m":true},{"a":173264557,"p":"56981.60","q":"0.005","f":288456645,"l":288456645,"T":1723827746493,"m":true},{"a":173264558,"p":"56968.00","q":"0.002","f":288456646,"l":288456646,"T":1723827746493,"m":true},{"a":173264559,"p":"56918.00","q":"0.002","f":288456647,"l":288456647,"T":1723827746493,"m":true},{"a":173264560,"p":"56915.90","q":"0.009","f":288456648,"l":288456649,"T":1723827746493,"m":true},{"a":173264561,"p":"56900.10","q":"7.793","f":288456650,"l":288456651,"T":1723827746493,"m":true},{"a":173264562,"p":"56900.00","q":"31.397","f":288456652,"l":288456653,"T":1723827746493,"m":true},{"a":173264563,"p":"56899.80","q":"0.005","f":288456654,"l":288456654,"T":1723827746494,"m":true},{"a":173264564,"p":"56895.40","q":"0.011","f":288456655,"l":288456655,"T":1723827746494,"m":true},{"a":173264565,"p":"56868.00","q":"0.002","f":288456656,"l":288456656,"T":1723827746494,"m":true},{"a":173264566,"p":"56827.10","q":"0.022","f":288456657,"l":288456657,"T":1723827746494,"m":true},{"a":173264567,"p":"56819.30","q":"2.270","f":288456658,"l":288456658,"T":1723827746494,"m":true},{"a":173264568,"p":"56818.00","q":"0.002","f":288456659,"l":288456659,"T":1723827746494,"m":true},{"a":173264569,"p":"56802.60","q":"3.940","f":288456660,"l":288456661,"T":1723827746494,"m":true},{"a":173264570,"p":"56802.50","q":"1.489","f":288456662,"l":288456662,"T":1723827746494,"m":true},{"a":173264571,"p":"56800.60","q":"0.005","f":288456663,"l":288456664,"T":1723827746494,"m":true},{"a":173264572,"p":"56800.10","q":"12.981","f":288456665,"l":288456665,"T":1723827746494,"m":true},{"a":173264573,"p":"56800.00","q":"21.938","f":288456666,"l":288456666,"T":1723827746494,"m":true},{"a":173264574,"p":"56800.00","q":"0.003","f":288456667,"l":288456667,"T":1723827747147,"m":true},{"a":173264575,"p":"56999.10","q":"0.022","f":288456668,"l":288456668,"T":1723827750508,"m":false},{"a":173264576,"p":"57068.20","q":"0.005","f":288456669,"l":288456669,"T":1723827762595,"m":false},{"a":173264577,"p":"57068.20","q":"0.005","f":288456670,"l":288456670,"T":1723827763015,"m":false},{"a":173264578,"p":"57068.20","q":"0.001","f":288456671,"l":288456671,"T":1723827763979,"m":false},{"a":173264579,"p":"57171.20","q":"0.015","f":288456672,"l":288456672,"T":1723827763979,"m":false},{"a":173264580,"p":"57171.20","q":"0.007","f":288456673,"l":288456673,"T":1723827770332,"m":false},{"a":173264581,"p":"57198.30","q":"0.007","f":288456674,"l":288456674,"T":1723827770332,"m":false},{"a":173264582,"p":"57217.10","q":"0.003","f":288456675,"l":288456676,"T":1723827770332,"m":false},{"a":173264583,"p":"57026.70","q":"0.005","f":288456677,"l":288456677,"T":1723827770523,"m":true},{"a":173264584,"p":"57026.70","q":"0.002","f":288456678,"l":288456678,"T":1723827795519,"m":true},{"a":173264585,"p":"57003.20","q":"0.003","f":288456679,"l":288456679,"T":1723827795519,"m":true},{"a":173264586,"p":"56999.20","q":"0.008","f":288456680,"l":288456680,"T":1723827795519,"m":true},{"a":173264587,"p":"56999.20","q":"0.014","f":288456681,"l":288456681,"T":1723827799342,"m":true},{"a":173264588,"p":"56966.40","q":"0.003","f":288456682,"l":288456682,"T":1723827799343,"m":true},{"a":173264589,"p":"56929.60","q":"0.003","f":288456683,"l":288456683,"T":1723827799343,"m":true},{"a":173264590,"p":"56899.80","q":"0.005","f":288456684,"l":288456684,"T":1723827799343,"m":true},{"a":173264591,"p":"56895.40","q":"0.011","f":288456685,"l":288456685,"T":1723827799343,"m":true},{"a":173264592,"p":"56892.80","q":"0.003","f":288456686,"l":288456686,"T":1723827799343,"m":true},{"a":173264593,"p":"56827.10","q":"0.002","f":288456687,"l":288456687,"T":1723827799344,"m":true},{"a":173264594,"p":"56827.10","q":"0.020","f":288456688,"l":288456688,"T":1723827814535,"m":true},{"a":173264595,"p":"56819.20","q":"0.003","f":288456689,"l":288456689,"T":1723827814536,"m":true},{"a":173264596,"p":"56800.10","q":"0.977","f":288456690,"l":288456690,"T":1723827814536,"m":true},{"a":173264597,"p":"56999.10","q":"0.022","f":288456691,"l":288456691,"T":1723827821319,"m":false},{"a":173264598,"p":"57063.40","q":"0.005","f":288456692,"l":288456692,"T":1723827821319,"m":false},{"a":173264599,"p":"57068.20","q":"0.011","f":288456693,"l":288456693,"T":1723827821319,"m":false},{"a":173264600,"p":"57150.40","q":"0.003","f":288456694,"l":288456694,"T":1723827821319,"m":false},{"a":173264601,"p":"57171.20","q":"0.022","f":288456695,"l":288456695,"T":1723827825519,"m":false},{"a":173264602,"p":"57187.20","q":"0.003","f":288456696,"l":288456696,"T":1723827825519,"m":false},{"a":173264603,"p":"57198.30","q":"0.007","f":288456697,"l":288456697,"T":1723827825519,"m":false},{"a":173264604,"p":"57217.10","q":"0.006","f":288456698,"l":288456698,"T":1723827825519,"m":false},{"a":173264605,"p":"57224.00","q":"0.003","f":288456699,"l":288456699,"T":1723827825520,"m":false},{"a":173264606,"p":"57241.00","q":"0.011","f":288456700,"l":288456700,"T":1723827825520,"m":false},{"a":173264607,"p":"57260.80","q":"0.003","f":288456701,"l":288456701,"T":1723827825520,"m":false},{"a":173264608,"p":"57284.00","q":"0.119","f":288456702,"l":288456702,"T":1723827825520,"m":false},{"a":173264609,"p":"57068.20","q":"0.005","f":288456703,"l":288456703,"T":1723827829435,"m":true},{"a":173264610,"p":"57068.20","q":"0.006","f":288456704,"l":288456704,"T":1723827830747,"m":true},{"a":173264611,"p":"57026.70","q":"0.007","f":288456705,"l":288456705,"T":1723827830747,"m":true},{"a":173264612,"p":"57003.20","q":"0.003","f":288456706,"l":288456706,"T":1723827830748,"m":true},{"a":173264613,"p":"56999.20","q":"0.022","f":288456707,"l":288456707,"T":1723827830748,"m":true},{"a":173264614,"p":"56997.50","q":"0.128","f":288456708,"l":288456708,"T":1723827830748,"m":true},{"a":173264615,"p":"57171.20","q":"0.022","f":288456709,"l":288456709,"T":1723827863511,"m":false},{"a":173264616,"p":"57198.30","q":"0.007","f":288456710,"l":288456710,"T":1723827863511,"m":false},{"a":173264617,"p":"57224.00","q":"0.003","f":288456711,"l":288456711,"T":1723827863512,"m":false},{"a":173264618,"p":"57241.00","q":"0.011","f":288456712,"l":288456712,"T":1723827863512,"m":false},{"a":173264619,"p":"57260.80","q":"0.003","f":288456713,"l":288456713,"T":1723827863512,"m":false},{"a":173264620,"p":"57282.40","q":"1.401","f":288456714,"l":288456714,"T":1723827863512,"m":false},{"a":173264621,"p":"57068.20","q":"0.011","f":288456715,"l":288456715,"T":1723827866639,"m":true},{"a":173264622,"p":"57040.00","q":"0.003","f":288456716,"l":288456716,"T":1723827866639,"m":true},{"a":173264623,"p":"57026.70","q":"0.007","f":288456717,"l":288456717,"T":1723827866643,"m":true},{"a":173264624,"p":"57003.20","q":"0.003","f":288456718,"l":288456718,"T":1723827866643,"m":true},{"a":173264625,"p":"56999.20","q":"0.022","f":288456719,"l":288456719,"T":1723827866644,"m":true},{"a":173264626,"p":"56997.50","q":"0.172","f":288456720,"l":288456720,"T":1723827866644,"m":true},{"a":173264627,"p":"57171.20","q":"0.020","f":288456721,"l":288456721,"T":1723827874110,"m":false},{"a":173264628,"p":"56997.50","q":"0.163","f":288456722,"l":288456722,"T":1723827886139,"m":true},{"a":173264629,"p":"56997.50","q":"0.876","f":288456723,"l":288456723,"T":1723827890415,"m":true},{"a":173264630,"p":"56997.50","q":"0.908","f":288456724,"l":288456725,"T":1723827908367,"m":true},{"a":173264631,"p":"56995.90","q":"0.092","f":288456726,"l":288456726,"T":1723827908368,"m":true},{"a":173264632,"p":"56995.90","q":"0.007","f":288456727,"l":288456727,"T":1723827908925,"m":true},{"a":173264633,"p":"56981.60","q":"0.005","f":288456728,"l":288456728,"T":1723827920073,"m":true},{"a":173264634,"p":"56966.40","q":"0.003","f":288456729,"l":288456729,"T":1723827920073,"m":true},{"a":173264635,"p":"56929.60","q":"0.003","f":288456730,"l":288456730,"T":1723827920073,"m":true},{"a":173264636,"p":"56915.90","q":"0.009","f":288456731,"l":288456732,"T":1723827920073,"m":true},{"a":173264637,"p":"56899.80","q":"0.005","f":288456733,"l":288456733,"T":1723827920074,"m":true},{"a":173264638,"p":"56895.40","q":"0.011","f":288456734,"l":288456734,"T":1723827920074,"m":true},{"a":173264639,"p":"56892.80","q":"0.003","f":288456735,"l":288456735,"T":1723827920074,"m":true},{"a":173264640,"p":"56827.10","q":"0.022","f":288456736,"l":288456736,"T":1723827920074,"m":true},{"a":173264641,"p":"56800.10","q":"0.458","f":288456737,"l":288456737,"T":1723827920074,"m":true},{"a":173264642,"p":"56997.50","q":"0.017","f":288456738,"l":288456738,"T":1723827926323,"m":false},{"a":173264643,"p":"56997.50","q":"0.017","f":288456739,"l":288456739,"T":1723827926587,"m":false},{"a":173264644,"p":"56800.10","q":"0.216","f":288456740,"l":288456740,"T":1723827934779,"m":true},{"a":173264645,"p":"56981.60","q":"0.005","f":288456741,"l":288456741,"T":1723827936631,"m":false},{"a":173264646,"p":"56997.50","q":"0.208","f":288456742,"l":288456742,"T":1723827936631,"m":false},{"a":173264647,"p":"56999.10","q":"0.005","f":288456743,"l":288456743,"T":1723827936631,"m":false},{"a":173264648,"p":"56800.10","q":"0.866","f":288456744,"l":288456744,"T":1723827939255,"m":true},{"a":173264649,"p":"56899.80","q":"0.005","f":288456745,"l":288456745,"T":1723827962554,"m":false},{"a":173264650,"p":"56999.10","q":"0.017","f":288456746,"l":288456746,"T":1723827962554,"m":false},{"a":173264651,"p":"57063.40","q":"0.005","f":288456747,"l":288456747,"T":1723827962554,"m":false},{"a":173264652,"p":"57068.20","q":"0.007","f":288456748,"l":288456748,"T":1723827962554,"m":false},{"a":173264653,"p":"57068.20","q":"0.004","f":288456749,"l":288456749,"T":1723827968691,"m":false},{"a":173264654,"p":"57171.20","q":"0.002","f":288456750,"l":288456750,"T":1723827968691,"m":false},{"a":173264655,"p":"57198.30","q":"0.007","f":288456751,"l":288456751,"T":1723827968691,"m":false},{"a":173264656,"p":"57217.10","q":"0.009","f":288456752,"l":288456753,"T":1723827968691,"m":false},{"a":173264657,"p":"57241.00","q":"0.011","f":288456754,"l":288456754,"T":1723827968692,"m":false},{"a":173264658,"p":"57280.80","q":"0.881","f":288456755,"l":288456755,"T":1723827968692,"m":false},{"a":173264659,"p":"57089.00","q":"0.100","f":288456756,"l":288456756,"T":1723827972502,"m":false},{"a":173264660,"p":"57089.00","q":"0.007","f":288456757,"l":288456757,"T":1723827974466,"m":false},{"a":173264661,"p":"57089.00","q":"0.189","f":288456758,"l":288456758,"T":1723828004072,"m":false},{"a":173264662,"p":"57187.20","q":"0.003","f":288456759,"l":288456759,"T":1723828022743,"m":false},{"a":173264663,"p":"57200.00","q":"0.003","f":288456760,"l":288456760,"T":1723828022747,"m":false},{"a":173264664,"p":"57224.00","q":"0.003","f":288456761,"l":288456761,"T":1723828022747,"m":false},{"a":173264665,"p":"57260.80","q":"0.003","f":288456762,"l":288456762,"T":1723828022748,"m":false},{"a":173264666,"p":"57308.80","q":"0.005","f":288456763,"l":288456763,"T":1723828022748,"m":false},{"a":173264667,"p":"57343.20","q":"0.034","f":288456764,"l":288456765,"T":1723828022748,"m":false},{"a":173264668,"p":"57171.20","q":"0.022","f":288456766,"l":288456766,"T":1723828027929,"m":true},{"a":173264669,"p":"57089.00","q":"0.152","f":288456767,"l":288456767,"T":1723828027939,"m":true},{"a":173264670,"p":"57343.20","q":"0.032","f":288456768,"l":288456769,"T":1723828032923,"m":false},{"a":173264671,"p":"57369.90","q":"0.003","f":288456770,"l":288456770,"T":1723828032923,"m":false},{"a":173264672,"p":"57369.90","q":"0.004","f":288456771,"l":288456771,"T":1723828043257,"m":false},{"a":173264673,"p":"57371.20","q":"0.003","f":288456772,"l":288456772,"T":1723828043257,"m":false},{"a":173264674,"p":"57390.60","q":"0.005","f":288456773,"l":288456773,"T":1723828043258,"m":false},{"a":173264675,"p":"57408.00","q":"0.003","f":288456774,"l":288456774,"T":1723828043258,"m":false},{"a":173264676,"p":"57413.80","q":"0.022","f":288456775,"l":288456776,"T":1723828043258,"m":false},{"a":173264677,"p":"57444.80","q":"0.003","f":288456777,"l":288456777,"T":1723828043258,"m":false},{"a":173264678,"p":"57472.40","q":"0.005","f":288456778,"l":288456778,"T":1723828043258,"m":false},{"a":173264679,"p":"57500.00","q":"0.053","f":288456779,"l":288456780,"T":1723828043259,"m":false},{"a":173264680,"p":"57326.00","q":"0.148","f":288456781,"l":288456781,"T":1723828052147,"m":false},{"a":173264681,"p":"57500.00","q":"0.161","f":288456782,"l":288456782,"T":1723828052147,"m":false},{"a":173264682,"p":"57515.20","q":"0.022","f":288456783,"l":288456783,"T":1723828052148,"m":false},{"a":173264683,"p":"57519.80","q":"0.009","f":288456784,"l":288456785,"T":1723828052148,"m":false},{"a":173264684,"p":"57541.50","q":"0.007","f":288456786,"l":288456786,"T":1723828052148,"m":false},{"a":173264685,"p":"57554.20","q":"0.005","f":288456787,"l":288456787,"T":1723828052148,"m":false},{"a":173264686,"p":"57567.20","q":"0.537","f":288456788,"l":288456788,"T":1723828052148,"m":false},{"a":173264687,"p":"57369.90","q":"0.007","f":288456789,"l":288456789,"T":1723828054180,"m":true},{"a":173264688,"p":"57343.20","q":"0.010","f":288456790,"l":288456790,"T":1723828054180,"m":true},{"a":173264689,"p":"57541.50","q":"0.007","f":288456791,"l":288456791,"T":1723828054683,"m":false},{"a":173264690,"p":"57586.50","q":"0.011","f":288456792,"l":288456792,"T":1723828054683,"m":false},{"a":173264691,"p":"57592.00","q":"0.003","f":288456793,"l":288456793,"T":1723828054684,"m":false},{"a":173264692,"p":"57621.20","q":"0.081","f":288456794,"l":288456794,"T":1723828054684,"m":false},{"a":173264693,"p":"57628.80","q":"0.003","f":288456795,"l":288456795,"T":1723828054684,"m":false},{"a":173264694,"p":"57636.00","q":"0.005","f":288456796,"l":288456796,"T":1723828054684,"m":false},{"a":173264695,"p":"57665.60","q":"0.003","f":288456797,"l":288456797,"T":1723828054684,"m":false},{"a":173264696,"p":"57687.20","q":"0.022","f":288456798,"l":288456798,"T":1723828054685,"m":false},{"a":173264697,"p":"57717.80","q":"0.005","f":288456799,"l":288456799,"T":1723828054685,"m":false},{"a":173264698,"p":"57759.30","q":"0.011","f":288456800,"l":288456800,"T":1723828054691,"m":false},{"a":173264699,"p":"57792.70","q":"1.666","f":288456801,"l":288456801,"T":1723828054694,"m":false},{"a":173264700,"p":"57586.50","q":"0.011","f":288456802,"l":288456802,"T":1723828061139,"m":true},{"a":173264701,"p":"57515.20","q":"0.022","f":288456803,"l":288456803,"T":1723828061140,"m":true},{"a":173264702,"p":"57413.70","q":"0.011","f":288456804,"l":288456804,"T":1723828061140,"m":true},{"a":173264703,"p":"57369.90","q":"0.007","f":288456805,"l":288456805,"T":1723828061140,"m":true},{"a":173264704,"p":"57343.20","q":"0.012","f":288456806,"l":288456806,"T":1723828061140,"m":true},{"a":173264705,"p":"57279.30","q":"0.851","f":288456807,"l":288456807,"T":1723828061140,"m":true}]